@book{nilsson,
  author       = {Nilsson, James W. and Riedel, Susan A.},
  title        = {Circuitos elétricos},
  translator   = {Yamamoto, Sonia Midori},
  editor       = {Angueth de Araújo, Antônio Emílio and da Silva Lop, Ivan José},
  year         = {2015},
  publisher    = {Pearson Education do Brasil},
  address      = {São Paulo},
  edition      = {10ª},
}

@misc{codigo_cores_resistores,
  author       = {{Blog Fazedores}},
  title        = {Código de Cores dos Resistores},
  year         = {2019},
  url          = {https://blog.fazedores.com/wp-content/uploads/2019/06/codigo_de_cores.png},
  note         = {Acesso em: 04 dez. 2024},
}